%%%%%%%%%%%%%%%%%%%
% ABOUT LEVEL SET %
%%%%%%%%%%%%%%%%%%%
@article{quezada2018monolithic,
  title={A monolithic conservative level set method with built-in redistancing},
  author={Quezada de Luna, Manuel and Kuzmin, Dmitri and Kees, Christopher E.},
  journal={{J}ournal of {C}omputational {P}hysics. Under revision.},
  year={2018},
  publisher={Elsevier}
}

@article{kees2011conservative,
  title={A conservative level set method suitable for variable-order approximations and unstructured meshes},
  author={Kees, Chris E and Akkerman, I and Farthing, Matthew W and Bazilevs, Y},
  journal={Journal of Computational Physics},
  volume={230},
  number={12},
  pages={4536--4558},
  year={2011},
  publisher={Elsevier}
}

%%%%%%%%%%%%%%%%%%%%%%%
% ABOUT NAVIER STOKES %
%%%%%%%%%%%%%%%%%%%%%%%
% Shock capturing
@article{tezduyar2006stabilization,
  title={Stabilization and shock-capturing parameters in SUPG formulation of compressible flows},
  author={Tezduyar, Tayfun E and Senga, Masayoshi},
  journal={Computer methods in applied mechanics and engineering},
  volume={195},
  number={13-16},
  pages={1621--1632},
  year={2006},
  publisher={Elsevier}
}

@article{tezduyar2006computation,
  title={Computation of inviscid supersonic flows around cylinders and spheres with the SUPG formulation and YZ$\beta$ shock-capturing},
  author={Tezduyar, Tayfun E and Senga, Masayoshi and Vicker, Darby},
  journal={Computational Mechanics},
  volume={38},
  number={4-5},
  pages={469--481},
  year={2006},
  publisher={Springer}
}

@article{tezduyar2007supg,
  title={SUPG finite element computation of inviscid supersonic flows with YZ$\beta$ shock-capturing},
  author={Tezduyar, Tayfun E and Senga, Masayoshi},
  journal={Computers \& fluids},
  volume={36},
  number={1},
  pages={147--159},
  year={2007},
  publisher={Elsevier}
}

@article{bazilevs2007yzbeta,
  title={YZ$\beta$ discontinuity capturing for advection-dominated processes with application to arterial drug delivery},
  author={Bazilevs, Yuri and Calo, Victor M and Tezduyar, Tayfun E and Hughes, Thomas JR},
  journal={International Journal for Numerical Methods in Fluids},
  volume={54},
  number={6-8},
  pages={593--608},
  year={2007},
  publisher={Wiley Online Library}
}
		
% SUPG
@article{brooks1982streamline,
  title={Streamline upwind/Petrov-Galerkin formulations for convection dominated flows with particular emphasis on the incompressible Navier-Stokes equations},
  author={Brooks, Alexander N and Hughes, Thomas JR},
  journal={Computer methods in applied mechanics and engineering},
  volume={32},
  number={1-3},
  pages={199--259},
  year={1982},
  publisher={Elsevier}
}

@article{bazilevs2007variational,
  title={Variational multiscale residual-based turbulence modeling for large eddy simulation of incompressible flows},
  author={Bazilevs, Y and Calo, VM and Cottrell, JA and Hughes, TJR and Reali, A and Scovazzi, G},
  journal={Computer Methods in Applied Mechanics and Engineering},
  volume={197},
  number={1-4},
  pages={173--201},
  year={2007},
  publisher={Elsevier}
}

% EV
@article{guermond2009splitting,
  title={A splitting method for incompressible flows with variable density based on a pressure {P}oisson equation},
  author={Guermond, J-L and Salgado, Abner},
  journal={{J}ournal of {C}omputational {P}hysics},
  volume={228},
  number={8},
  pages={2834--2846},
  year={2009},
  publisher={Elsevier}
}

@article{guermond2011entropy,
  title={Entropy viscosity method for nonlinear conservation laws},
  author={Guermond, Jean-Luc and Pasquetti, Richard and Popov, Bojan},
  journal={Journal of Computational Physics},
  volume={230},
  number={11},
  pages={4248--4267},
  year={2011},
  publisher={Elsevier}
}

@article{cappanera2017momentum,
  title={Momentum-based approximation of incompressible multiphase fluid flows},
  author={Cappanera, Lo{\"\i}c and Guermond, Jean-Luc and Herreman, Wietze and Nore, Caroline},
  journal={International Journal for Numerical Methods in Fluids},
  year={2017},
  publisher={Wiley Online Library}
}	

@phdthesis{cappanera2015nonlinear,
  title={Nonlinear stabilization of magnetohydrodynamic equations and applications to multiphase flows},
  author={Cappanera, Loic},
  year={2015},
  school={Universit{\'e} Paris-Saclay}
}

% SURFACE TENSION
@article{hysing2006new,
  title={A new implicit surface tension implementation for interfacial flows},
  author={Hysing, S},
  journal={International Journal for Numerical Methods in Fluids},
  volume={51},
  number={6},
  pages={659--672},
  year={2006},
  publisher={Wiley Online Library}
}

@article{hysing2009quantitative,
  title={Quantitative benchmark computations of two-dimensional bubble dynamics},
  author={Hysing, Shu-Ren and Turek, Stefan and Kuzmin, Dmitri and Parolini, Nicola and Burman, Erik and Ganesan, Sashikumaar and Tobiska, Lutz},
  journal={International Journal for Numerical Methods in Fluids},
  volume={60},
  number={11},
  pages={1259--1288},
  year={2009},
  publisher={Wiley Online Library}
}